
@book{anderson_applied_1992,
	title = {Applied groundwater modeling: simulation of flow and advective transport.},
	shorttitle = {Applied groundwater modeling},
	author = {Anderson, M. P and Woessner, W. W},
	year = {1992}
},

@article{li_specific_2008,
        title = {The Specific Temperature Increase Method for Repository Thermal Analysis},
        volume = {99},
        issn = {{0003-018X}},
        journal = {Transactions of the American Nuclear Society},
        author = {Li, J. and Yim, M. S and {McNelis}, D.},
        year = {2008},
        pages = {216 --- 218}
},

@article{hedin_integrated_2002,
	title = {Integrated analytic radionuclide transport model for a spent nuclear fuel repository in saturated fractured rock},
	volume = {138},
	url = {http://epubs.ans.org.proxy.uchicago.edu/download/?a=3287},
	number = {2},
	journal = {Nuclear Technology},
	author = {Hedin, A.},
	year = {2002}
},

@book{schwartz_fundamentals_2003,
	title = {Fundamentals of ground water},
	author = {Schwartz, F. W and Zhang, H.},
	year = {2003}
},

@book{wang_introduction_1982,
	title = {Introduction to groundwater modeling},
	publisher = {Freeman},
	author = {Wang, H. and Anderson, M. P},
	year = {1982}
},

@article{leij_analytical_1991,
	title = {Analytical solutions for solute transport in three-dimensional semi-infinite porous media},
	volume = {27},
	number = {10},
	journal = {Water resources research},
	author = {Leij, F. J and Skaggs, T. H and Van Genuchten, M. T},
	year = {1991},
	pages = {2719–2733}
},

@book{van_genuchten_analytical_1982,
	title = {Analytical solutions of the one-dimensional convective-dispersive solute transport equation},
	publisher = {{US} Dept. of Agriculture, Agricultural Research Service},
	author = {Van Genuchten, M. T},
	year = {1982}
},

@book{heath_basic_1983,
	title = {Basic ground-water hydrology},
	volume = {2220},
	publisher = {{US} Geological Survey},
	author = {Heath, R. C},
	year = {1983}
},

@misc{jrpol_diffusion.svg_2011,
	title = {Diffusion.svg},
	copyright = {{CC-BY-3.0}},
	shorttitle = {Diffusion},
	url = {http://upload.wikimedia.org/wikipedia/commons/1/12/Diffusion.svg},
	journal = {Wikimedia Commons},
	author = {{JrPol}},
	month = sep,
	year = {2011},
	howpublished = {{http://upload.wikimedia.org/wikipedia/commons/1/12/Diffusion.svg}}
},

@article{mason_oxidation_1949,
        title = {Oxidation and Reduction in Geochemistry},
        volume = {57},
        number = {1},
        journal = {The Journal of Geology},
        author = {Mason, Brian},
        month = jan,
        year = {1949},
        pages = {62--72},
        howpublished = {The University of Chicago Press}
},

@article{hammond_field_2010,
  title = {Field-Scale Modeling for the Natural Attenuation of Uranium at the Hanford 300 Area using High Performance Computing},
  author = {Hammond, G.E. and P.C. Lichtner},
  journal = {Water Resources Research}, 
  volume = {46}, 
  number = {W09527}, 
  year = {2010},
  note = {{doi:10.1029/2009WR008819}} 
},

@inproceedings{mills_modeling_2009,
  author = {R. T. Mills and G. E. Hammond and P. C. Lichtner and V. Sripathi and G. Mahinthakumar and B. F. Smith},
  year = {2009},
  title = {Modeling subsurface reactive flows using leadership-class computing},
  booktitle = {Journal of Physics: Conference Series Proceedings of SciDAC 2009},
  series = {180},
  number = {012062}, 
  note = {{doi:10.1088/1742-6596/180/1/012062}}
},

@misc{huff_cyclus:_2012,
	title = {Cyclus: A Nuclear Fuel Cycle Code from the University of Wisconsin Madison},
	url = {http://cyclus.github.com/},
	journal = {Cyclus: A Nuclear Fuel Cycle Code from the University of Wisconsin Madison},
	author = {Wilson, Paul P. H. and Huff, K. D. and Gidden, Matthew and Carlsen, Robert},
	year = {2012},
	howpublished = {http://cyclus.github.com}
},

@inproceedings{lisowski_global_2007,
	title = {Global Nuclear Energy Partnership},
	booktitle = {Global Nuclear Energy Partnership Annual Meeting},
	author = {Lisowski, P.},
	year = {2007}
},

@mastersthesis{oliver_geniusv2:_2009,
	title = {{GENIUSv2:} software design and mathematical formulations for multi-region discrete nuclear fuel cycle simulation and analysis},
	shorttitle = {{GENIUSv2}},
	url = {http://cnerg.engr.wisc.edu/cgi-bin/index.cgi/attach_get/15/NEEP-MS-KyleOliver.pdf},
	school = {{University of Wisconsin}},
	author = {Oliver, K. M},
	year = {2009}
},
@inproceedings{oliver_studying_2009,
        title = {Studying international fuel cycle robustness with the {GENIUSv2} discrete facilities/materials fuel cycle systems analysis tool },
        author = {Oliver, K.M. and Wilson, P.P.H. and Reveillere, A. and Dunn, K. and Ahn T.W. and Huﬀ, K.D. and Elmore, R.},
        booktitle = {Proceedings of Global 2009 : The Nuclear Fuel Cycle: Sustainable Options and Industrial Perspectives},
        address = {Paris, France},
        year = {2009}
},
@article{merali_computational_2010,
	title = {Computational science: {...Error...} why scientific programming does not compute},
	volume = {467},
	issn = {0028-0836},
	url = {http://www.nature.com/doifinder/10.1038/467775a},
	doi = {10.1038/467775a},
	number = {7317},
	journal = {Nature},
	author = {Zeeya Merali},
	year = {2010},
	pages = {775--777}
},

@article{wilson_wheres_2010,
	title = {Where's the real bottleneck in scientific computing?},
	issn = {0003-0996},
	journal = {American Scientist},
	author = {G. V Wilson},
	year = {2010}
},

@misc{thw_.hacker.within_2010,
	title = {the.hacker.within},
	url = {http://hackerwithin.org/},
	year = {2010},
	howpublished = {http://hackerwithin.org/}
},

@article{wilson_software_2006,
	title = {Software Carpentry: Essential Software Skills for Research Scientists},
	shorttitle = {Software Carpentry},
	author = {Greg Wilson},
	year = {2006}
},

@inproceedings{hannay_how_2009,
	title = {How do scientists develop and use scientific software?},
	booktitle = {Proceedings of the 2009 {ICSE} Workshop on Software Engineering for Computational Science and Engineering},
	author = {J. E Hannay and C. {MacLeod} and J. Singer and H. P Langtangen and D. Pfahl and G. Wilson},
	year = {2009},
	pages = {1-8}
},

@inproceedings{huff_numerical_2012,
       title = {Numerical Calibration of an Analytical Generic Nuclear Repository Heat Transfer Model},
       booktitle = {Proceedings of the 2012 American Nuclear Society Annual Conference},
       author = {K.D. Huff and T.H. Bauer},
       address = {Chicago, {IL}},
       year = {2012},
       volume = {106},
       pages = {260--263}
},
@inproceedings{huff_rapid_2011,
       title = {Rapid Peer Education of a Computational Nuclear Engineering Skill Suite},
       booktitle = {Proceedings of the 2011 American Nuclear Society Annual Conference},
       author = {K.D. Huff and A.M. Scopatz and N.D. Preston and P.P.H. Wilson},
       address = {Hollywood, {FL}},
       year = {2011},
       volume = {104},
       pages = {103-104}
},

@inproceedings{huff_open_2011,
       title = {Open Architecture and Modular Paradigm of Cyclus, a Fuel Cycle Simulation Code},
       booktitle = {Proceedings of the 2011 American Nuclear Society Annual Conference},
       author = {K.D. Huff and P.P.H. Wilson and M.J. Gidden},
       address = {Hollywood, {FL}},
       year = {2011},
       volume = {104},
       pages = {183-184}
},
@misc{cyder_github_2012,
  title = {Cyder: A Generic Nuclear Repository Model },
  author = {Huff, K.D.},
  url = {https://github.com/katyhuff/cyder},
  howpublished = {https://github.com/katyhuff/cyder},
  year = {2011}
},
@misc{pyne_pyne_2011,
  title = {{PyNE:} Python For Nuclear Engineering},
  author = {{PyNE} Development Team},
  institution = {{PyNE} Development Team},
  url = {http://pyne.github.com},
  howpublished = {http://pyne.github.com},
  year = {2011}
},
@misc{cyclus_github_2011,
  title = {Cyclus: A next generation fuel cycle simulator environment},
  author = {Wilson, P.P.H. and Huff, K.D. and Gidden, M.J. and Carlsen, R.W.},
  institution= {University of Wisconsin Computational Nuclear Engineering Research Group},
  url = {http://cyclus.github.com},
  howpublished = {http://cyclus.github.com},
  year = {2011}
},
@misc{cyclus_google_2010,
  title = {Cyclus: A next generation fuel cycle simulator environment},
  author = {Wilson, P. and Huff, K.D. and Gidden, M. and Carlsen, R.},
  institution= {University of Wisconsin Computational Nuclear Engineering Research Group},
  url = {http://code.google.com/p/cyclus/},
  howpublished = {http://code.google.com/p/cyclus/},
  year = {2010}
},
@techreport{huff_digital_2004,
  title = {Digital Filtering Application to the Lead Slowing Down Spectrometer},
  author = {Huff, K.D. and O'Donnell, J.M.},
  institution = {Los Alamos Neutron Science Center},
  month = aug,
  year = {2004}
},

@techreport{huff_single_2003,
  title = {Excess Single Event Effects in the Second Chip of a Series},
  author = {Huff, K.D. and Takala, B.},
  institution = {Los Alamos Neutron Science Center},
  month = aug,
  year = {2003}
},

@misc{huff_celestial_2008,
	title = {Celestial Calibrations of the QUIET telescope},
	author = {Huff, K.D.},
	url = {http://homepages.cae.wisc.edu~/khuff/papers/CalibrationsThesis.pdf},
	school = {University of Chicago},
        note = {{Undergraduate Thesis}},
	year = {2008}
},

@article{clerc_liquid_2008,
  title = {Liquid-Solid-Like Transition in Quasi-One-Dimensional Driven Granular Media}, 
  author = {Clerc, M. and Cordero, P. and Dunstan, J. and Huff, K. and Risso, D.  and Mujica, N. and Varas, G.}, 
  journal = {Nature Physics}, 
  volume = {4}, 
  pages = {249 -- 254}, 
  year = {2008}
},

@techreport{huff_sensitivity_2012,
  title = {FY12 Sensitivity Studies Using the UFD Clay Generic Disposal System 
    Model},
  author = { Huff, K.D. and Nutt, W.M. },
  institution = {Argonne National Laboratory},
  month = jul,
  year = {2012}
},
@techreport{huff_benchmarking_2012,
  title = { Benchmarking a New Closed-Form Thermal Analysis Technique Against a 
    Traditional Lumped Parameter, Finite-Diﬀerence Method},
  author = { Huff, K.D. and Bauer, T.H. },
  institution = {Argonne National Laboratory},
  number = {{FCRD}--{UFD}-2012-000142},
  month = jul,
  year = {2012}
},
@techreport{huff_next_2010,
  title = { Next Generation Fuel Cycle Simulator Functions and Requirements Document},
  author = { Huff, K.D. and Dixon, B.W. and Braase, L. },
  institution = {Idaho National Laboratory},
  number = {{FCRD}--{SYSA}--2010-000110},
  month = jul,
  year = {2010}
},

@inproceedings{huff_cyclus_2011,
       title = { Poster Abstract : Cyclus, An Open, Modular, Next Generation Fuel Cycle Simulator Platform },
       booktitle = {Proceedings of the 2011 Waste Management Symposium},
       author = {K.D. Huff },
       address = {Phoenix, AZ},
       month = mar,
       year = {2011}
},

@inproceedings{huff_genius_2009,
      author= {Huff, K. and Oliver, K. and Wilson, P.P.H.},
      title = {{GENIUSv2} Discrete Facilities/Materials Modeling of International Fuel Cycle Robustness}, 
      booktitle = {Transactions of the American Nuclear Society Winter Conference},
      address = {Washington D.C.},
      month = nov,
      year = {2009}
},

@article{scarlat_current_2013,
	title = {The current status of fluoride salt cooled high temperature reactor (FHR) technology and its overlap with {HIF} target chamber concepts},
	issn = {0168-9002},
	url = {http://www.sciencedirect.com/science/article/pii/S0168900213007055},
	doi = {10.1016/j.nima.2013.05.094},
	urldate = {2013-08-13},
	journal = {Nuclear Instruments and Methods in Physics Research Section A: Accelerators, Spectrometers, Detectors and Associated Equipment},
	author = {Scarlat, Raluca O. and Peterson, Per F.},
	keywords = {{FHR}, Flibe, {HIF} target chamber, read, Simulant fluids, Thick liquid protection},
        year={2013}
},

@article{facilitators_fluoride-salt-cooled_2013,
	title = {Fluoride-Salt-Cooled, High-Temperature Reactor (FHR) Methods and Experiments Program White Paper},
	url = {http://fhr.nuc.berkeley.edu/wp-content/uploads/2013/08/12-002-FHR-Workshop-2-Report-Final.pdf},
	urldate = {2013-08-15},
	author = {Facilitators, {UC} Berkeley and Assistants, {UC} Berkeley},
	year = {2013},
	keywords = {read}
},

@article{facilitators_fluoride-salt-cooled_2013-1,
	title = {Fluoride-Salt-Cooled, High-Temperature Reactor (FHR) Subsystems Definition, Functional Requirement Definition, and Licensing Basis Event (LBE) Identification White Paper},
	url = {http://fhr.nuc.berkeley.edu/wp-content/uploads/2013/08/12-001-FHR-Workshop-1-Report-Final.pdf},
	urldate = {2013-08-15},
	author = {Facilitators, {UC} Berkeley and Assistants, {UC} Berkeley},
	year = {2013},
	keywords = {read}
},

@article{facilitators_fluoride-salt-cooled_2013-2,
	title = {Fluoride-Salt-Cooled, High-Temperature Reactor (FHR) Development Roadmap and Test Reactor Performance Requirements White Paper},
	url = {http://fhr.nuc.berkeley.edu/wp-content/uploads/2013/08/12-004-FHR-Workshop-4-Report-Final.pdf},
	urldate = {2013-08-15},
	author = {Facilitators, M. I. T. and Facilitators, {UW} Madison and Facilitators, {UC} Berkeley},
	year = {2013},
	keywords = {read}
},

@article{facilitators_fluoride-salt-cooled_2013-3,
	title = {Fluoride-Salt-Cooled High Temperature Reactor (FHR) Materials, Fuels and Components White Paper},
	url = {http://fhr.nuc.berkeley.edu/wp-content/uploads/2013/08/12-003-FHR-Workshop-3-Report-Final.pdf},
	urldate = {2013-08-15},
	author = {Facilitators, {UW} Madison and Facilitators, M. I. T. and Facilitators, {UC} Berkeley},
	year = {2013},
	keywords = {read}
},

@article{zhao_advanced_2012,
	title = {Advanced Multi-Effect Distillation System for Desalination Using Waste Heat Fromgas Brayton Cycles},
	volume = {180},
	url = {http://www.osti.gov/energycitations/product.biblio.jsp?osti_id=1057205},
	language = {English},
	number = {3},
	urldate = {2013-08-13},
	journal = {Nuclear Technology},
	author = {Zhao, Haihua and Peterson, Per F.},
	month = oct,
	year = {2012},
	keywords = {brayton cycle, engineering, high tem, multi-effect distillation, unread}
},

@article{blandford_buoyantly-driven_2013,
	title = {A buoyantly-driven shutdown rod concept for passive reactivity control of a Fluoride salt-cooled High-temperature Reactor},
	volume = {262},
	url = {http://www.sciencedirect.com/science/article/pii/S0029549313002884},
	urldate = {2013-09-23},
	journal = {Nuclear Engineering and Design},
	author = {Blandford, Edward D. and Peterson, Per F.},
	year = {2013},
	keywords = {atws, pb-ahtr, read},
	pages = {600–610}
},

@article{peterson_fluoride_2011,
	title = {Fluoride salt advanced high-temperature reactor},
	url = {http://books.google.com/books?hl=en&lr=&id=FUf-fjlK_CEC&oi=fnd&pg=PA329&dq=neutronic+anticipated+transient+without+scram+fluoride&ots=3yjlS4sc3U&sig=F685szJGH2W1-MNCP-yOUEOGHac},
	urldate = {2013-09-23},
	journal = {Nuclear Hydrogen Production Handbook},
	author = {Peterson, Per F. and Blandford, Edward D.},
	year = {2011},
	keywords = {atws, {FHR}, pb-ahtr, unread},
	pages = {329}
},

@inproceedings{peterson_liquid-salt_2008,
	title = {Liquid-salt cooled advanced high temperature reactors (AHTR)},
	url = {http://goneri.nuc.berkeley.edu/tokyo/2008-12-11_Peterson.pdf},
	urldate = {2013-09-23},
	booktitle = {{GoNERI} seminar. https://smr. inl. {gov/Document.} ashx},
	author = {Peterson, F. and Seminar, {GoNERI}},
	year = {2008}
},

@phdthesis{scarlat_design_2012,
	address = {Berkeley, {CA}},
	type = {{Ph.D.} Dissertation},
	title = {Design of Complex Systems to Achieve Passive Safety: Natural Circulation Cooling of Liquid Salt Pebble Bed Reactors},
	shorttitle = {Design of Complex Systems to Achieve Passive Safety},
	url = {http://escholarship.org/uc/item/2x01b4v0.pdf},
	urldate = {2013-09-24},
	school = {University of California Berkeley},
	author = {Scarlat, Raluca Olga},
	year = {2012},
	keywords = {atws, pb-fhr, read}
},

@phdthesis{fratoni_development_2008,
	address = {Berkeley, {CA}},
	type = {{Ph.D.} Dissertation},
	title = {Development and applications of methodologies for the neutronic design of the Pebble Bed Advanced High Temperature Reactor (PB-AHTR)},
	url = {http://adsabs.harvard.edu/abs/2008PhDT........99F},
	urldate = {2013-09-24},
	school = {University of California Berkeley},
	author = {Fratoni, Massimiliano},
	year = {2008},
	note = {{ISSN:9781109098358}},
	keywords = {atws, pb-ahtr, unread}
},

@phdthesis{laufer_granular_2013,
	address = {Berkeley, {CA}},
	type = {{Ph.D.} Dissertation},
	title = {Granular Dynamics in Pebble Bed Reactor Cores},
	url = {http://escholarship.org/uc/item/1v79k2dz.pdf},
	urldate = {2013-09-24},
	school = {University of California Berkeley},
	author = {Laufer, Michael Robert},
	year = {2013}
},

@phdthesis{huff_integrated_2013,
	title = {An Integrated Used Fuel Disposition and Generic Repository Model for Fuel Cycle Analysis},
	url = {http://gradworks.umi.com/35/92/3592735.html},
	urldate = {2013-12-16},
	school = {{THE} {UNIVERSITY} {OF} {WISCONSIN} - {MADISON}},
	author = {Huff, K.D.},
	month = oct,
	year = {2013},
	keywords = {Geological engineering, Kathryn D., Nuclear Engineering, Nuclear Physics An Integrated Used Fuel Disposition and Generic Repository Model for Fuel Cycle Analysis {THE} {UNIVERSITY} {OF} {WISCONSIN} - {MADISON} Paul {P.H.} Wilson Huff}
},

@article{gaston_moose:_2009,
	title = {{MOOSE:} A parallel computational framework for coupled systems of nonlinear equations},
	volume = {239},
	issn = {0029-5493},
	shorttitle = {{MOOSE}},
	url = {http://www.sciencedirect.com/science/article/pii/S0029549309002635},
	doi = {10.1016/j.nucengdes.2009.05.021},
	number = {10},
	urldate = {2013-10-04},
	journal = {Nuclear Engineering and Design},
	author = {Gaston, Derek and Newman, Chris and Hansen, Glen and Lebrun-Grandié, Damien},
	month = oct,
	year = {2009},
	keywords = {atws, moose, read, unread},
	pages = {1768--1778}
},

@inproceedings{huff_cyclus_2013,
	address = {Salt Lake City, {UT}, United States},
	title = {Cyclus Fuel Cycle Simulation Capabilities with the Cyder Disposal System Model (in press)},
	booktitle = {Proceedings of {GLOBAL} 2013},
	author = {Huff, Kathryn},
	month = oct,
	year = {2013}
},

@article{wilson_best_2014,
        title = {Best Practices for Scientific Computing},
        volume = {12},
        url = {http://dx.doi.org/10.1371/journal.pbio.1001745},
        doi = {10.1371/journal.pbio.1001745},
        abstract = {{\textless}p{\textgreater}We describe a set of best practices for scientific software development, based on research and experience, that will improve scientists' productivity and the reliability of their software.{\textless}/p{\textgreater}{\textless}/sec{\textgreater}},
        number = {1},
        urldate = {2014-01-11},
        journal = {{PLoS} Biol},
        author = {Wilson, Greg and Aruliah, D. A. and Brown, C. Titus and Chue Hong, Neil P. and Davis, Matt and Guy, Richard T. and Haddock, Steven H. D. and Huff, Kathryn D. and Mitchell, Ian M. and Plumbley, Mark D. and Waugh, Ben and White, Ethan P. and {WIlson}, Paul},
        month = jan,
        year = {2014},
        pages = {e1001745},
        file = {PLoS Full Text PDF:/Users/khuff/Library/Application Support/Zotero/Profiles/7gmgcfkz.default/zotero/storage/HZNQ6I7C/Wilson et al. - 2014 - Best Practices for Scientific Computing.pdf:application/pdf;PLoS Snapshot:/Users/khuff/Library/Application Support/Zotero/Profiles/7gmgcfkz.default/zotero/storage/QJRK478H/Wilson et al. - 2014 - Best Practices for Scientific Computing.html:text/html}
},

@inproceedings{park_tightly_2009,
	title = {Tightly coupled multiphysics simulation for pebble bed reactors},
	url = {http://mathematicsandcomputation.cowhosting.net/MC09/pdfs/201237.pdf},
	urldate = {2014-01-15},
	booktitle = {American Nuclear Society 2009 International Conference on Advances in Mathematics, Computational Methods, and Reactor Physics},
	author = {Park, H. and Gaston, D. and Kadioglu, S. and Knoll, D. and Martineau, R. and Taitano, W. and Lebrun-Grandie, D. and Lebrun, Damien},
	year = {2009},
	file = {[PDF] from cowhosting.net:/Users/khuff/Library/Application Support/Zotero/Profiles/7gmgcfkz.default/zotero/storage/6JM9D3WD/Park et al. - 2009 - Tightly coupled multiphysics simulation for pebble.pdf:application/pdf}
},

@techreport{novascone_assessment_2012,
	title = {Assessment of {PCMI} Simulation Using the Multidimensional Multiphysics {BISON} Fuel Performance Code},
	url = {http://www.osti.gov/bridge/product.biblio.jsp?osti_id=1055826},
	urldate = {2014-01-15},
	institution = {Idaho National Laboratory {(INL)}},
	author = {Novascone, Stephen R. and Hales, Jason D. and Spencer, Benjamin W. and Williamson, Richard L.},
	year = {2012},
	file = {Snapshot:/Users/khuff/Library/Application Support/Zotero/Profiles/7gmgcfkz.default/zotero/storage/XRIWZIM9/Novascone et al. - 2012 - Assessment of PCMI Simulation Using the Multidimen.html:text/html}
},

@article{novascone_multidimensional_2012,
	title = {A Multidimensional and Multiphysics Approach to Nuclear Fuel Behavior Simulation},
	url = {http://www.inl.gov/technicalpublications/Documents/5534778.pdf},
	urldate = {2014-01-15},
	author = {Novascone, S. R. and Williamson, R. L. and Hales, J. D. and Tonks, M. R. and Gaston, D. R. and Permann, C. J. and Andrs, D. and Martineau, R. C.},
	year = {2012}
},

@inproceedings{gaston_parallel_2009,
	title = {Parallel multiphysics algorithms and software for computational nuclear engineering},
	volume = {180},
	url = {http://iopscience.iop.org/1742-6596/180/1/012012},
	urldate = {2014-01-15},
	booktitle = {Journal of Physics: Conference Series},
	author = {Gaston, D. and Hansen, G. and Kadioglu, S. and Knoll, D. A. and Newman, C. and Park, H. and Permann, C. and Taitano, W.},
	year = {2009},
	pages = {012012}
},

@article{short_multiphysics_2013,
        title = {Multiphysics modeling of porous {CRUD} deposits in nuclear reactors},
        volume = {443},
        issn = {00223115},
        url = {http://journals.ohiolink.edu/ejc/article.cgi?issn=00223115&issue=v443i1-3&article=579_mmopcdinr},
        number = {1-3},
        journal = {Journal of Nuclear Materials},
        author = {Short, M. P. and Hussey, D. and Kendrick, B. K. and Besmann, T. M. and Stanek, C. R. and Yip, S.},
        year = {2013},
        pages = {579--587},
        file = {OhioLINK EJC - Multiphysics modeling of porous CRUD deposits in nuclear reactors:/Users/khuff/Library/Application Support/Zotero/Profiles/7gmgcfkz.default/zotero/storage/86DZ2KXW/article.html:text/html}
},

@article{knoll_jacobian-free_2004,
        title = {Jacobian-free {Newton–Krylov} methods: a survey of approaches and applications},
        volume = {193},
        issn = {0021-9991},
        shorttitle = {Jacobian-free {Newton–Krylov} methods},
        url = {http://www.sciencedirect.com/science/article/pii/S0021999103004340},
        doi = {10.1016/j.jcp.2003.08.010},
        number = {2},
        urldate = {2014-01-15},
        journal = {Journal of Computational Physics},
        author = {Knoll, D. A. and Keyes, D. E.},
        month = jan,
        year = {2004},
        pages = {357--397},
        file = {ScienceDirect Full Text PDF:/Users/khuff/Library/Application Support/Zotero/Profiles/7gmgcfkz.default/zotero/storage/775JZ74I/Knoll and Keyes - 2004 - Jacobian-free Newton–Krylov methods a survey of a.pdf:application/pdf;ScienceDirect Snapshot:/Users/khuff/Library/Application Support/Zotero/Profiles/7gmgcfkz.default/zotero/storage/J4938PKK/S0021999103004340.html:text/html}
}
